%
% Copyright (c) Meta Platforms, Inc. and affiliates.
%
% This source code is licensed under the MIT license found in the LICENSE file
% in the root directory of this source tree. 
%

@article{brocker,
  author = {Jochen Br\"ocker},
  title = {Some remarks on the reliability
           of categorical probability forecasts},
  journal = {Mon. Weather Rev.},
  volume = {136},
  number = {11},
  pages = {4488--4502},
  year = {2008}
}

@article{brocker-smith,
  author = {Jochen Br\"ocker and Leonard A. Smith},
  title = {Increasing the reliability of reliability diagrams},
  journal = {Weather Forecast.},
  volume = {22},
  number = {3},
  pages = {651--661},
  year = {2007}
}

@inproceedings{castro-burns,
  author = {Jos\'e Castro and Steven Burns},
  title = {Online data visualization of multidimensional databases
           using the {H}ilbert space-filling curve},
  booktitle = {Pixelization Paradigm: First Visual Information Expert Workshop,
               VIEW 2006, Paris, France, April 2006, Revised Selected Papers},
  year = {2007},
  pages = {92--109},
  publisher = {Springer-Verlag},
  editor = {Pierre P L\'evy and B\'en\'edicte {Le G}rand
            and Fran\c{c}ois Poulet and Michel Soto and Laszlo Darago
            and Laurent Toubiana and Jean-Fran\c{c}ois Vibert}
}

@article{ciesielski-taylor,
  author = {Zbigniew Ciesielski and Samuel James Taylor},
  title = {First passage times and sojourn times for {B}rownian motion
           in space and the exact {H}ausdorff measure of the sample path},
  journal = {Trans. Amer. Math. Soc.},
  volume = {103},
  number = {3},
  pages = {434--450},
  year = {1962}
}

@inproceedings{corbett-davies-pierson-feller-goel-huq,
  author = {Sam Corbett-Davies and Emma Pierson and Avi Feller and Sharad Goel
            and Aziz Huq},
  title = {Algorithmic decision making and the cost of fairness},
  booktitle = {Proc. 23rd ACM SIGKDD Int. Conf. Knowl. Disc. Data Min.},
  year = {2017},
  pages = {797--806},
  organization = {Assoc. Comput. Mach.}
}

@book{cormen-leiserson-rivest-stein,
  author = {Thomas H. Cormen and Charles E. Leiserson and Ronald L. Rivest
            and Clifford Stein},
  title = {Introduction to Algorithms},
  edition = {3rd},
  year = {2009},
  publisher = {MIT Press}
}

@article{crowson-atkinson-therneau,
  author = {Cynthia S. Crowson and Elizabeth J. Atkinson
            and Terry M. Therneau},
  title = {Assessing calibration of prognostic risk scores},
  journal = {Stat. Methods Med. Res.},
  volume = {25},
  number = {4},
  pages = {1692--1706},
  year = {2016}
}

@article{darling-siegert,
  author = {Donald A. Darling and Arnold J. F. Siegert},
  title = {The first passage problem for a continuous {M}arkov process},
  journal = {Ann. Math. Statist.},
  volume = {24},
  number = {4},
  pages = {624--639},
  year = {1953}
}

@article{delgado,
  author = {Miguel A. Delgado},
  title = {Testing the equality of nonparametric regression curves},
  journal = {Statist. Probab. Lett.},
  volume = {17},
  number = {3},
  pages = {199--204},
  year = {1993}
}

@article{diebolt,
  author = {Jean Diebolt},
  title = {A nonparametric test for the regression function:
           asymptotic theory},
  journal = {J. Statist. Plann. Inference},
  volume = {44},
  number = {1},
  pages = {1--17},
  year = {1995}
}

@book{draper-smith,
  author = {Norman R. Draper and Harry Smith},
  title = {Applied Regression Analysis},
  edition = {3rd},
  year = {1998},
  publisher = {Wiley}
}

@article{doksum,
  author = {Kjell A. Doksum},
  title = {Some graphical methods in statistics: a review and some extensions},
  journal = {Statist. Neerl.},
  volume = {31},
  number = {2},
  pages = {53--68},
  year = {1977}
}

@article{feller,
  author = {William Feller},
  title = {The asymptotic distribution of the range of sums
           of independent random variables},
  journal = {Ann. Math. Statist.},
  volume = {22},
  number = {3},
  pages = {427--432},
  year = {1951}
}

@article{gneiting-balabdaoui-raftery,
  author = {Tilmann Gneiting and Fadoua Balabdaoui and Adrian E. Raftery},
  title = {Probabilistic forecasts, calibration, and sharpness},
  journal = {J. Royal Stat. Soc. B},
  volume = {69},
  number = {2},
  pages = {243--268},
  year = {2007}
}

@article{guo-pleiss-sun-weinberger,
  author = {Chuan Guo and Geoff Pleiss and Yu Sun and Kilian Q. Weinberger},
  title = {On calibration of modern neural networks},
  journal = {Proc. Mach. Learn. Res.},
  volume = {70},
  pages = {1321--1330},
  year = {2017},
  note = {Proc. 34th Int. Conf. Mach. Learn.}
}

@techreport{gupta-rahimi-ajanthan-mensink-sminchisescu-hartley,
  author = {Kartik Gupta and Amir Rahimi and Thalaiyasingam Ajanthan
            and Thomas Mensink and Cristian Sminchisescu and Richard Hartley},
  title = {Calibration of neural networks using splines},
  institution = {arXiv},
  year = {2020},
  number = {2006.12800},
  note = {Also published as a poster and paper at the 2021
          International Conference on Learned Representations (ICLR).
          Available at \url{https://arxiv.org/abs/2006.12800}}
}

@book{hastie-tibshirani-friedman,
  author = {Trevor Hastie and Robert Tibshirani and Jerome Friedman},
  title = {The Elements of Statistical Learning: Data Mining, Inference,
           and Prediction},
  year = {2009},
  edition = {2nd},
  publisher = {Springer}
}

@inproceedings{he-zhang-ren-sun,
  author = {Kaiming He and Xiangyu Zhang and Shaoqing Ren and Jian Sun},
  title = {Deep residual learning for image recognition},
  booktitle = {2016 IEEE Conference on Computer Vision
               and Pattern Recognition (CVPR)},
  pages = {770--778},
  publisher = {IEEE},
  year = {2016}
}

@article{hilbert,
  author = {David Hilbert},
  title = {Ueber die stetige Abbildung einer Line auf ein Fl\"achenst\"uck},
  journal = {Math. Ann.},
  volume = {38},
  number = {3},
  pages = {459--460},
  year = {1891}
}

@article{imagenet,
  author = {Olga Russakovsky and Jia Deng and Hao Su and Jonathan Krause
            and Sanjeev Satheesh and Sean Ma and Zhiheng Huang
            and Andrej Karpathy and Aditya Khosla and Michael Bernstein
            and Alexander C. Berg and Li Fei-Fei},
  title = {Image{N}et large scale visual recognition challenge},
  journal = {Int. J. Comput. Vis.},
  volume = {115},
  number = {3},
  pages = {211--252},
  year = {2015}
}

@article{kolmogorov,
  author = {Andrei N. Kolmogorov},
  title = {Sulla determinazione empirica di una legge di distribuzione
           ({O}n the empirical determination of a distribution function)},
  journal = {Giorn. Ist. Ital. Attuar.},
  volume = {4},
  pages = {83--91},
  year = {1933}
}

@article{kuiper,
  author = {Nicolaas H. Kuiper},
  title = {Tests concerning random points on a circle},
  journal = {Proc. Koninklijke Nederlandse Akademie van Wetenschappen
             Series A},
  volume = {63},
  pages = {38--47},
  year = {1962}
}

@inproceedings{kumar-liang-ma,
  author = {Ananya Kumar and Percy Liang and Tengyu Ma},
  title = {Verified uncertainty calibration},
  booktitle = {Advances in Neural Information Processing Systems 32},
  pages = {3792--3803},
  year = {2019},
  publisher = {Curran Associates}
}

@article{luo-gardiner-bradley,
  author = {Zhehui Luo and Joseph C. Gardiner and Cathy J. Bradley},
  title = {Applying propensity score methods in medical research:
           pitfalls and prospects},
  journal = {Med. Care Res. Rev.},
  volume = {67},
  number = {5},
  pages = {528--554},
  year = {2010}
}

@article{marsaglia-tsang-wang,
  author = {George Marsaglia and Wai Wan Tsang and Jingbo Wang},
  title = {Evaluating {K}olmogorov's distribution},
  journal = {J. Stat. Softw.},
  volume = {8},
  number = {i18},
  pages = {1--4},
  year = {2003}
}

@article{masoliver,
  author = {Jaume Masoliver},
  title = {Extreme values and the level-crossing problem: an application
           to the {F}eller process},
  journal = {Phys. Rev. E},
  volume = {89},
  number = {4},
  year = {2014},
  note = {No. 042106}
}

@article{moon-jagadish-faloutsos-saltz,
  author = {Bongki Moon and H. V. Jagadish and Christos Faloutsos
            and Joel H. Saltz},
  title = {Analysis of the clustering properties of the {H}ilbert space-filling
           curve},
  journal = {IEEE Trans. Knowl. Data Eng.},
  volume = {13},
  number = {1},
  pages = {124--141},
  year = {2001}
}

@article{murphy-winkler,
  author = {Allan H. Murphy and Robert L. Winkler},
  title = {Diagnostic verification of probability forecasts},
  journal = {Int. J. Forecast.},
  volume = {7},
  number = {4},
  pages = {435--455},
  year = {1992}
}

@inproceedings{nixon-dusenberry-zhang-jerfel-tran,
  author = {Jeremy Nixon and Michael W. Dusenberry and Linchuan Zhang
            and Ghassen Jerfel and Dustin Tran},
  title = {Measuring calibration in deep learning},
  booktitle = {Proceedings of the 2019 Computer Vision and Pattern Recognition
               Workshops},
  year = {2019},
  pages = {38--41},
  publisher = {IEEE},
  organization = {Computer Vision Foundation}
}

@article{peano,
  author = {Giuseppe Peano},
  title = {Sur une courbe, qui remplit toute une aire plane},
  journal = {Math. Ann.},
  volume = {36},
  number = {1},
  pages = {157--160},
  year = {1890}
}

@inproceedings{pytorch,
  author = {Adam Paszke and Sam Gross and Francisco Massa and Adam Lerer
            and James Bradbury and Gregory Chanan and Trevor Killeen
            and Zeming Lin and Natalia Gimelshein and Luca Antiga
            and Alban Desmaison and Andreas Kopf and Edward Yang
            and Zachary De{V}ito and Martin Raison and Alykhan Tejani
            and Sasank Chilamkurthy and Benoit Steiner and Lu Fang
            and Junjie Bai and Soumith Chintala},
  title = {Py{T}orch: an imperative style, high-performance deep learning
           library},
  booktitle = {Advances in Neural Information Processing Systems 32},
  pages = {8026--8037},
  year = {2019},
  publisher = {Curran Associates}
}

@book{press-teukolsky-vetterling-flannery,
  author = {William H. Press and Saul A. Teukolsky and William T. Vetterling
            and Brian P. Flannery},
  title = {Numerical Recipes: the Art of Scientific Programming},
  publisher = {Cambridge University Press},
  address = {Cambridge, UK},
  year = {2007},
  edition = {3rd}
}

@techreport{roelofs-cain-shlens-mozer,
  author = {Rebecca Roelofs and Nicholas Cain and Jonathon Shlens
            and Michael C. Mozer},
  title = {Mitigating bias in calibration error estimation},
  institution = {arXiv},
  year = {2020},
  number = {2012.08668},
  note = {Available at \url{https://arxiv.org/abs/2012.08668}}
}

@article{simonoff-udina,
  author = {Jeffrey S. Simonoff and Frederic Udina},
  title = {Measuring the stability of histogram appearance
           when the anchor position is changed},
  journal = {Comput. Statist. Data Anal.},
  volume = {23},
  number = {3},
  year = {1997},
  pages = {335--353}
}

@article{simpson,
  author = {Edward H. Simpson},
  title = {The interpretation of interaction in contingency tables},
  journal = {J. R. Stat. Soc. Ser. B},
  volume = {13},
  number = {2},
  pages = {238--241},
  year = {1951}
}

@inproceedings{skilling,
  author = {John Skilling},
  title = {Programming the {H}ilbert curve},
  booktitle = {Proceedings of the 23rd International Workshop
               on {B}ayesian Inference and Maximum Entropy Methods
               in Science and Engineering, August 3--8, 2003,
               at Jackson Hole, Wyoming},
  year = {2004},
  editor = {Gary J. Erickson and Yuxiang Zhai},
  pages = {381--387},
  organization = {American Institute of Physics},
  volume = {707}
}

@inproceedings{skilling2,
  author = {John Skilling},
  title = {Using the {H}ilbert curve},
  booktitle = {Proceedings of the 23rd International Workshop
               on {B}ayesian Inference and Maximum Entropy Methods
               in Science and Engineering, August 3--8, 2003,
               at Jackson Hole, Wyoming},
  year = {2004},
  editor = {Gary J. Erickson and Yuxiang Zhai},
  pages = {388--405},
  organization = {American Institute of Physics},
  volume = {707}
}

@article{smirnov,
  author = {Nikolai Smirnov},
  title = {On the estimation of the discrepancy between empirical curves
           of distribution for two independent samples},
  journal = {Bulletin Math\'ematique de l'Universit\'e de Moscou},
  volume = {2},
  number = {2},
  year = {1939},
  pages = {3--11}
}

@article{srihera-stute,
  author = {Ramidha Srihera and Winfried Stute},
  title = {Nonparametric comparison of regression functions},
  journal = {J. Multivariate Anal.},
  volume = {101},
  number = {9},
  year = {2010},
  pages = {2039--2059}
}

@article{stute,
  author = {Winfried Stute},
  title = {Nonparametric model checks for regression},
  journal = {Ann. Statist.},
  volume = {25},
  number = {2},
  year = {1997},
  pages = {613--641}
}

@article{tygert_full,
  author = {Mark Tygert},
  title = {Cumulative deviation of a subpopulation from the full population},
  journal = {J. Big Data},
  volume = {8},
  number = {117},
  year = {2021},
  pages = {1--60},
  note = {Available at \url{https://arxiv.org/abs/2008.01779}}
}

@article{tygert_two,
  author = {Mark Tygert},
  title = {A graphical method of cumulative differences
           between two subpopulations},
  journal = {J. Big Data},
  volume = {8},
  number = {158},
  year = {2021},
  pages = {1--29},
  note = {Available at \url{https://arxiv.org/abs/2108.02666}}
}

@techreport{tygert_pvals,
  author = {Mark Tygert},
  title = {Calibration of {P}-values for calibration and for deviation
           of a subpopulation from the full population},
  institution = {arXiv},
  year = {2022},
  number = {2202.00100},
  note = {Available at \url{https://arxiv.org/abs/2202.00100}}
}

@article{vaicenavicius-widmann-andersson-lindsten-roll-schoen,
  author = {Juozas Vaicenavicius and David Widmann and Carl Andersson
            and Fredrik Lindsten and Jacob Roll and Thomas B. Sch\"on},
  title = {Evaluating model calibration in classification},
  journal = {Proc. Mach. Learn. Res.},
  volume = {89},
  pages = {3459--3467},
  year = {2019},
  note = {Proc. 22nd Int. Conf. Artif. Intell. Stat.}
}

@book{wilks,
  author = {Daniel S. Wilks},
  title = {Statistical Methods in the Atmospheric Sciences},
  publisher = {Academic Press},
  year = {2011},
  volume = {100},
  series = {International Geophysics},
  edition = {3rd}
}

@article{xu-kalbfleisch,
  author = {Zhenzhen Xu and John D. Kalbfleisch},
  title = {Propensity score matching in randomized clinical trials},
  journal = {Biometrics},
  volume = {66},
  number = {3},
  pages = {813--823},
  year = {2010}
}
